@Inbook{Acan2004,
author="Acan, Adnan",
editor="Dorigo, Marco
and Birattari, Mauro
and Blum, Christian
and Gambardella, Luca Maria
and Mondada, Francesco
and St{\"u}tzle, Thomas",
title="An External Memory Implementation in Ant Colony Optimization",
bookTitle="Ant Colony Optimization and Swarm Intelligence: 4th International Workshop, ANTS 2004, Brussels, Belgium, September 5-8, 2004. Proceedings",
year="2004",
publisher="Springer Berlin Heidelberg",
address="Berlin, Heidelberg",
pages="73--82",
isbn="978-3-540-28646-2",
doi="10.1007/978-3-540-28646-2_7",
url="http://dx.doi.org/10.1007/978-3-540-28646-2_7"
}

